<?xml version="1.0" encoding="UTF-8"?><record xmlns="http://www.loc.gov/MARC21/slim" xmlns:cinclude="http://apache.org/cocoon/include/1.0" xmlns:zs="http://www.loc.gov/zing/srw/">
  <leader>00539cz  a2200169n  4500</leader>
  <controlfield tag="001">nr 92041514 </controlfield>
  <controlfield tag="003">DLC</controlfield>
  <controlfield tag="005">20130312101708.0</controlfield>
  <controlfield tag="008">921123n| azannaab           |a aaa     c</controlfield>
  <datafield tag="010" ind1=" " ind2=" ">
    <subfield code="a">nr 92041514 </subfield>
  </datafield>
  <datafield tag="040" ind1=" " ind2=" ">
    <subfield code="a">PPRF</subfield>
    <subfield code="b">eng</subfield>
    <subfield code="e">rda</subfield>
    <subfield code="c">PU-Ar</subfield>
    <subfield code="d">DLC</subfield>
  </datafield>
  <datafield tag="046" ind1=" " ind2=" ">
    <subfield code="s">1864</subfield>
  </datafield>
  <datafield tag="100" ind1="1" ind2=" ">
    <subfield code="a">Mitchell, A. S.,</subfield>
    <subfield code="d">active 1864</subfield>
  </datafield>
  <datafield tag="400" ind1="1" ind2=" ">
    <subfield code="w">nnea</subfield>
    <subfield code="a">Mitchell, A. S.,</subfield>
    <subfield code="d">fl. 1864</subfield>
  </datafield>
  <datafield tag="667" ind1=" " ind2=" ">
    <subfield code="a">Data provided by PAFC/PACSCL</subfield>
  </datafield>
  <datafield tag="670" ind1=" " ind2=" ">
    <subfield code="a">His ALS, to William T. Sherman, 1864 Apr. 14</subfield>
    <subfield code="b">(A.S. Mitchell, Cincinnati; organized militia in west Tennessee)</subfield>
  </datafield>
  <datafield tag="675" ind1=" " ind2=" ">
    <subfield code="a">DAB;</subfield>
    <subfield code="a">WWasWAm</subfield>
  </datafield>
</record>